@article{multi-column-neural-network-gtsrb,
	author		= {Cireşan, Dan and Meier, Ueli and Masci, Jonathan and Schmidhuber, Jürgen},
	title		= {{Multi-column deep neural network for traffic sign classification}},
	journal		= {Neural Networks},
	year		= {2012},
	pages		= {333-338}
}

@inproceedings{gtsrb,
    author = {Johannes Stallkamp and Marc Schlipsing and Jan Salmen and Christian Igel},
    booktitle = {IEEE International Joint Conference on Neural Networks},
    title = {The {G}erman {T}raffic {S}ign {R}ecognition {B}enchmark: A multi-class classification competition},
    year = {2011},
    pages = {1453--1460}
}

@article{estimating-face-orientation-inria,
	author       = "Gourier, Nicolas and Hall, Daniela and Crowley, James L.",
	title        = {{Estimating Face orientation from Robust Detection of Salient Facial Structures}},
	journal      = {FG Net Workshop on Visual Observation of Deictic Gestures (POINTING)},
	year         = "2004",
	note          = "\url{http://www-prima.inrialpes.fr/prima/pub/Publications/2004/GHC04/}"
}
